<?xml version="1.0" encoding="UTF-8"?><record xmlns="http://www.loc.gov/MARC21/slim" xmlns:cinclude="http://apache.org/cocoon/include/1.0" xmlns:zs="http://www.loc.gov/zing/srw/">
  <leader>00487nz  a2200133n  4500</leader>
  <controlfield tag="001">nb 98040245 </controlfield>
  <controlfield tag="003">DLC</controlfield>
  <controlfield tag="005">19980513051705.7</controlfield>
  <controlfield tag="008">980512n| acannaab|          |a aaa     c</controlfield>
  <datafield tag="010" ind1=" " ind2=" ">
    <subfield code="a">nb 98040245 </subfield>
  </datafield>
  <datafield tag="040" ind1=" " ind2=" ">
    <subfield code="a">Uk</subfield>
    <subfield code="c">Uk</subfield>
  </datafield>
  <datafield tag="100" ind1="1" ind2="0">
    <subfield code="a">Van Someren, Edmund Lawrence,</subfield>
    <subfield code="d">1875-1963</subfield>
  </datafield>
  <datafield tag="400" ind1="1" ind2="0">
    <subfield code="a">Someren, Edmund Lawrence van,</subfield>
    <subfield code="d">1875-1963</subfield>
  </datafield>
  <datafield tag="670" ind1=" " ind2=" ">
    <subfield code="a">Edmund Lawrence van Someren R.O.I., 1997:</subfield>
    <subfield code="b">t.p. (Edmund Lawrence van Someren, 1875-1963) p.10 (born 4 Jul. 1875, Bangalore, India) p.27 (died 3 Sept. 1963)</subfield>
  </datafield>
</record>